@misc{Abcomm2020,
  title   = {Com�rcio Eletr�nico Deve crescer 18% em 2020 e movimentar R$ 106 Bilh�es},
  url     = {https://abcomm.org/noticias/comercio-eletronico-deve-crescer-18-em-2020-e-movimentar-r-106-bilhoes/},
  journal = {Abcomm},
  author  = {Abcomm},
  year    = {2020},
  month   = {Feb},
  note    = {Acessado em 15/11/2022}
} 

@misc{Efagundes2021,
  title   = {O que � e-Commerce?},
  url     = {https://efagundes.com/artigos/o-que-e-e-commerce/},
  journal = {efagundes},
  author  = {efagundes},
  year    = {2021},
  month   = {Mar},
  note    = {Acessado em 15/11/2022}
} 

@book{izbicki_mendonca2020,
  title     = {Aprendizado de m\'aquina: uma abordagem estat\'istica},
  author    = {Izbicki, Rafael and dos Santos, Tiago Mendon{\c{c}}a},
  year      = {2020},
  isbn      = {978-65-00-02410-4},
  pagetotal = {268}
}

@misc{KaggleOlist,
  author       = {Olist and Kaggle},
  title        = {Brazilian E-Commerce Public Dataset by Olist},
  year         = {2019},
  howpublished = {\url{https://www.kaggle.com/olistbr/brazilian-ecommerce}},
  note         = {Accessado em 15/11/2022}
}

@book{malhotra2006pesquisa,
  title     = {Pesquisa de Marketing: Uma Orienta{\c{c}}{\~a}o},
  author    = {Malhotra, N.K.},
  isbn      = {9788536306506},
  url       = {https://books.google.com.br/books?id=FtdIFOgTP8UC},
  year      = {2006},
  publisher = {Bookman}
}

@book{fonseca2002,
  title     = {Apostila de metodologia da pesquisa cient{\'\i}fica},
  author    = {da Fonseca, J.J.S.},
  year      = {2002},
  url       = {https://books.google.com.br/books?id=oB5x2SChpSEC},
  publisher = {Jo{\~a}o Jos{\'e} Saraiva da Fonseca}
}

@misc{Olist,
  author       = {Olist},
  title        = {Sobre n�s},
  year         = {no date},
  howpublished = {\url{https://olist.com/pt-br/sobre-nos/}},
  note         = {Accessado em 15/11/2022}
}

@book{hosmer2013applied,
  title     = {Applied logistic regression},
  author    = {Hosmer Jr, David W and Lemeshow, Stanley and Sturdivant, Rodney X},
  volume    = {398},
  year      = {2013},
  publisher = {John Wiley {\&} Sons}
}

@book{kleinbaum2010logistic,
  title     = {Logistic regression: a self-learning text},
  author    = {Kleinbaum, David G and Klein, Mitchel},
  volume    = {106},
  year      = {2010},
  publisher = {Springer}
}

@book{mccullagh1989generalized,
  title     = {Generalized linear models},
  author    = {McCullagh, Peter and Nelder, John A},
  volume    = {37},
  year      = {1989},
  publisher = {CRC press}
}

@article{domingos1997optimality,
  title     = {On the optimality of the simple Bayesian classifier under zero-one loss},
  author    = {Domingos, Pedro and Pazzani, Michael},
  journal   = {Machine learning},
  volume    = {29},
  number    = {2-3},
  pages     = {103--130},
  year      = {1997},
  publisher = {Springer}
}

@book{mitchell1997machine,
  title     = {Machine learning},
  author    = {Mitchell, Tom},
  year      = {1997},
  publisher = {McGraw Hill}
}

@inproceedings{rish2001empirical,
  title        = {An empirical study of the naive Bayes classifier},
  author       = {Rish, Irina},
  booktitle    = {IJCAI 2001 workshop on empirical methods in artificial intelligence},
  pages        = {41--46},
  year         = {2001},
  organization = {AAAI Press}
}

@article{breiman2001random,
  title     = {Random forests},
  author    = {Breiman, Leo},
  journal   = {Machine learning},
  volume    = {45},
  number    = {1},
  pages     = {5--32},
  year      = {2001},
  publisher = {Springer}
}

@inproceedings{cutler2001random,
  title        = {Random forests},
  author       = {Cutler, Adele and Cutler, David R and Stevens, Jeffery R},
  booktitle    = {Machine learning},
  pages        = {157--176},
  year         = {2001},
  organization = {Springer}
}

@inproceedings{Chen:2016,
  author    = {Chen, Tianqi and Guestrin, Carlos},
  title     = {XGBoost: A Scalable Tree Boosting System},
  booktitle = {Proceedings of the 22Nd Acm Sigkdd International Conference on Knowledge Discovery and Data Mining},
  series    = {KDD '16},
  year      = {2016},
  isbn      = {978-1-4503-4232-2},
  location  = {San Francisco, California, USA},
  pages     = {785--794},
  numpages  = {10},
  url       = {http://doi.acm.org/10.1145/2939672.2939785},
  doi       = {10.1145/2939672.2939785},
  acmid     = {2939785},
  publisher = {ACM},
  address   = {New York, NY, USA},
  keywords  = {distributed machine learning, scalable system, tree boosting}
}

@article{mcculloch1943logical,
  title     = {A logical calculus of the ideas immanent in nervous activity},
  author    = {McCulloch, Warren S and Pitts, Walter},
  journal   = {The bulletin of mathematical biophysics},
  volume    = {5},
  number    = {4},
  pages     = {115--133},
  year      = {1943},
  publisher = {Springer}
}

@article{lecun2015deep,
  title     = {Deep learning},
  author    = {LeCun, Yann and Bengio, Yoshua and Hinton, Geoffrey},
  journal   = {nature},
  volume    = {521},
  number    = {7553},
  pages     = {436--444},
  year      = {2015},
  publisher = {Nature Publishing Group}
}

@article{he2016deep,
  title   = {Deep residual learning for image recognition},
  author  = {He, Kaiming and Zhang, Xiangyu and Ren, Shaoqing and Sun, Jian},
  journal = {Proceedings of the IEEE conference on computer vision and pattern recognition},
  pages   = {770--778},
  year    = {2016}
}

@article{goodfellow2016deep,
  title     = {Deep learning},
  author    = {Goodfellow, Ian and Bengio, Yoshua and Courville, Aaron},
  year      = {2016},
  publisher = {MIT Press}
}

@article{lecun1998gradient,
  title     = {Gradient-based learning applied to document recognition},
  author    = {LeCun, Yann and Bottou, L{\'e}on and Bengio, Yoshua and Haffner, Patrick},
  journal   = {Proceedings of the IEEE},
  volume    = {86},
  number    = {11},
  pages     = {2278--2324},
  year      = {1998},
  publisher = {IEEE}
}


@article{rumelhart1986parallel,
  title     = {Parallel distributed processing: Explorations in the microstructure of cognition},
  author    = {Rumelhart, David E and Hinton, Geoffrey E and Williams, Ronald J},
  journal   = {MIT Press},
  volume    = {1},
  year      = {1986},
  publisher = {Cambridge, MA: MIT Press}
}

@article{hochreiter1997long,
  title     = {Long short-term memory},
  author    = {Hochreiter, Sepp and Schmidhuber, J{"u}rgen},
  journal   = {Neural computation},
  volume    = {9},
  number    = {8},
  pages     = {1735--1780},
  year      = {1997},
  publisher = {MIT Press}
}

@inproceedings{gers1999learning,
  title        = {Learning to forget: Continual prediction with LSTM},
  author       = {Gers, Felix A and Schmidhuber, J{"u}rgen and Cummins, Fred},
  booktitle    = {International Conference on Artificial Neural Networks},
  pages        = {850--855},
  year         = {1999},
  organization = {Springer}
}

@inproceedings{graves2013speech,
  title        = {Speech recognition with deep recurrent neural networks},
  author       = {Graves, Alex and Mohamed, Abdel-rahman and Hinton, Geoffrey},
  booktitle    = {2013 IEEE international conference on acoustics, speech and signal processing},
  pages        = {6645--6649},
  year         = {2013},
  organization = {IEEE}
}

@misc{petarv_tikz_2023,
  author       = {PetarV-},
  title        = {TikZ. Long short-term memory},
  year         = {atualizado em 2023},
  howpublished = {\url{https://github.com/PetarV-/TikZ/tree/master/Long%20short-term%20memory}},
  note         = {Acesso em: 09/02/2023}
}

@article{brynjolfsson2013competing,
  title     = {Competing in the age of omnichannel retailing},
  author    = {Brynjolfsson, Erik and Hu, Yu Jeffrey and Rahman, Mohammad S},
  journal   = {MIT Sloan Management Review},
  volume    = {54},
  number    = {4},
  pages     = {23--29},
  year      = {2013},
  publisher = {MIT Press}
}