% Encoding: UTF-8

@Mastersthesis{Dias2015,
  author   = {Dias, L. F. S.},
  title    = {Estudo numérico do fenômeno do amortecimento em estruturas sólidas submetidas a carregamentos impulsivos},
  school   = {Universidade Federal da Bahia},
  year     = {2015},
  address  = {Salvador},
  pages    = {101},
  pagename = {f},
  type     = {Mestrado em Engenharia de Estruturas},
}

@Mastersthesis{Lacerda2014,
  author   = {de Lacerda, E. G. M.},
  title    = {Análise Não Linear De Treliças Pelo Método Dos Elementos Finitos Posicional},
  school   = {Universidade Federal do Rio Grande do Norte},
  year     = {2014},
  address  = {Natal},
  pages    = {92},
  pagename = {f},
  type     = {Mestrado em Engenharia de Estruturas},
}

@Mastersthesis{Filho2002,
  author   = {Filho, L. A. D.},
  title    = {Análise estática e dinâmica, linear e não linear geométrica, através de elementos hexaédricos de oito nós com um ponto de integração},
  school   = {Universidade Federal do Rio Grande do Sul},
  year     = {2002},
  address  = {Porto Alegre},
  pages    = {111},
  pagename = {f},
  type     = {Mestrado em Engenharia},
}

@Phdthesis{OliveiraRodrigues,
  author   = {Rogério de Oliveira Rodrigues},
  title    = {Análise dinâmica bidimensional não linear física e geométrica de treliças de aço e pórticos de concreto armado},
  school   = {Universidade de São Paulo},
  year     = {1997},
  address  = {São Carlos},
  pagename = {p},
  pages    = {275},
  type     = {Doutorado em Engenharia de Estruturas},
}

@Mastersthesis{Bandeira1997,
  author   = {Bandeira, A. A.},
  title    = {Uma introdução à análise de problemas de contato},
  school   = {Universidade de São Paulo},
  year     = {1997},
  address  = {São Paulo},
  pagename = {f},
  type     = {Mestrado em Engenharia Civil},
}

@Inproceedings{Pinheiro2006,
  author            = {Santos, M. N. and Silveira, R. A. M. and Pinheiro, L.},
  title             = {Análise geometricamente não-linear de treliças 2d e 3d através do MEF},
  year              = {2006},
  organization      = {Iberian Latin American Congress of Computational Methods in Engineering},
  conference-number = {XXVII},
  address           = {Belém},
  pages             = {21},
  month             = sep,
}

@Book{Dominicio1977,
  title        = {Análise Matricial de Estruturas},
  publisher    = {Editora da Universidade de São Paulo},
  year         = {1977},
  address      = {Rio de Janeiro},
  author       = {Dominício, F. M.},
  organization = {Universidade de São Paulo},
}

@Book{Cook1989,
  title     = {Concepts and applications of finite element analysis},
  publisher = {John Wiley \& Sons},
  year      = {1989},
  address   = {Nova Jersey},
  author    = {Cook, R. D. and Malkus, D. S. and Plesha, M. E.},
  edition   = {3},
  isbn      = {9780471503194},
}

@Phdthesis{Silva2009,
  author  = {da Silva, A. R. D.},
  title   = {Sistema computacional para análise avançada estática e dinâmica de estruturas metálicas},
  school  = {Universidade Federal de Minas Gerais},
  year    = {2009},
  address = {Belo Horizonte},
  type    = {Doutorado em Engenharia Civil},
}

@Phdthesis{Bandeira2001,
  author   = {Bandeira, A. A.},
  title    = {Análise de problemas de contato com atrito entre sólidos 3D},
  school   = {Universidade de São Paulo},
  year     = {2001},
  address  = {São Paulo},
  pagename = {f},
  pages    = {276},
  type     = {Doutorado em Engenharia Civil},
}

@Book{Zienkiewicz2014,
  title        = {The Finite Element Method for Solid and Structural Mechanics},
  publisher    = {Butterworth-Heinemann},
  year         = {2014},
  author       = {Zienkiewicz, O. C. and Taylor, R.L. and Fox, D.},
  editor       = {Butterworth-Heinemann},
  organization = {Elsevier},
  isbn         = {978-1-85617-634-7},
  pages        = {672},
  date         = {2013-11-12},
  doi          = {10.1016/C2009-0-26332-X},
  ean          = {9781856176347},
  pagetotal    = {768},
}

@Book{Reddy2005,
  title     = {An Introduction to the Finite Element Method},
  publisher = {McGraw-Hill Education - Europe},
  year      = {2005},
  author    = {Reddy, J. N.},
  editor    = {McGraw-Hill Education - Europe},
  isbn      = {0071267611},
  date      = {2005-05-01},
  ean       = {9780071267618},
  pagetotal = {672},
}

@Booklet{Azevedo2003,
  title        = {Método dos Elementos Finitos},
  author       = {Azevedo, A. F. M.},
  year         = {2003},
  edition      = {1},
  url          = {http://www.alvaroazevedo.com/},
  address      = {Porto},
  organization = {Faculdade de Engenharia da Universidade do Porto},
}

@Booklet{Coda2003,
  title   = {Análise não linear geométrica de sólidos e estruturas: uma formulação posicional baseada no MEF},
  author  = {Coda, H. B.},
  year    = {2003},
  address = {São Carlos},
  school  = {Escola de Engenharia Universidade de São Paulo},
  type    = {(Texto complementar para concurso de professor titular EESC USP)},
}

@Book{Clough2010,
  title     = {Dynamics of Structures},
  publisher = {Computers and Structures inc},
  year      = {2010},
  author    = {Ray W Clough and Joseph Penzien},
  edition   = {2},
  isbn      = {0923907513},
}

@Article{Hrinda2008,
  author    = {Glenn A. Hrinda and Duc T. Nguyen},
  title     = {Optimization of stability-constrained geometrically nonlinear shallow trusses using an arc length sparse method with a strain energy density approach},
  journal   = {Finite Elements in Analysis and Design},
  year      = {2008},
  volume    = {44},
  number    = {15},
  pages     = {933--950},
  month     = {nov},
  doi       = {10.1016/j.finel.2008.07.004},
  publisher = {Elsevier {BV}},
}

@Phdthesis{Greco2004,
  author  = {Greco, M.},
  title   = {Nonlinear structural contact/impact analysis problems using the finite element method},
  school  = {São Carlos school of engineering, University of São Paulo},
  year    = {2004},
  address = {São Carlos},
  type    = {Doutorado em Engenharia de Estruturas},
}

@Article{Abrate1983,
  author    = {S. Abrate and C.T. Sun},
  title     = {Dynamic analysis of geometrically nonlinear truss structures},
  journal   = {Computers {\&} Structures},
  year      = {1983},
  volume    = {17},
  number    = {4},
  pages     = {491--497},
  month     = {jan},
  doi       = {10.1016/0045-7949(83)90044-5},
  publisher = {Elsevier {BV}},
}

@Book{Bathe2006,
  title     = {Finite Element Procedures},
  publisher = {Klaus-Jürgen Bathe},
  year      = {2006},
  address   = {Cambridge, MA},
  author    = {Klaus-Jürgen Bathe},
  isbn      = {978-0979004957},
}

@Book{Oden2006,
  title     = {Finite Elements of Nonlinear Continua},
  publisher = {Dover Publications},
  year      = {2006},
  author    = {J. T. Oden},
  isbn      = {978-0486449739},
}

@Book{Borst2012,
  title     = {Non-Linear Finite Element Analysis of Solids and Structures},
  publisher = {John Wiley {\&} Sons, Ltd},
  year      = {2012},
  address   = {Chichester, West Sussex, UK},
  author    = {Ren{\'{e}} de Borst and Mike A. Crisfield and Joris J. C. Remmers and Clemens V. Verhoosel},
  edition   = {2},
  month     = {aug},
  isbn      = {9781118375938},
  doi       = {10.1002/9781118375938},
}

@Book{Wriggers2008,
  title     = {Nonlinear Finite Element Methods},
  publisher = {Springer Berlin Heidelberg},
  year      = {2008},
  author    = {Wriggers, Peter},
  edition   = {1},
  isbn      = {978-3-540-71001-1},
  pages     = {560},
  date      = {2008-11-04},
  ean       = {9783540710011},
}

@Electronic{GID2017,
  url          = {https://www.gidhome.com/},
  author       = {International Center for Numerical Methods in Engineering},
  year         = {2017},
  address      = {Barcelona},
  edition      = {13},
  organization = {Technical University of Catalonia (BarcelonaTech)},
  title        = {GiD The personal pre and post processor (Customization Manual)},
}

@Book{Gopalakrishnan2010,
  title     = {Wavelet Methods for Dynamical Problems: With Application to Metallic, Composite, and Nano-Composite Structures},
  publisher = {CRC Press},
  year      = {2010},
  author    = {Gopalakrishnan, S. and Mitra, M.},
  edition   = {1},
  month     = mar,
  isbn      = {9781439804612},
  pages     = {298},
}

@Book{Soriano2009,
  title     = {Elementos Finitos. Formulação e Aplicação na Estática e Dinâmica das Estruturas},
  publisher = {Ciência Moderna},
  year      = {2009},
  address   = {Rio de Janeiro},
  author    = {Soriano, H. L.},
  edition   = {1},
  isbn      = {8573938803},
  pages     = {432},
}

@Book{Steinbruch1987,
  title     = {Álgebra Linear},
  publisher = {Pearson},
  year      = {1987},
  author    = {Steinbruch, A. and Winterle, P.},
  edition   = {1},
  isbn      = {9780074504123},
  pages     = {596},
}

@Article{Cohen1967,
  author    = {Cohen, E. and McCallion, H.},
  title     = {Economical methods for finding eigenualues and eigenvectors},
  journal   = {Journal of Sound and Vibration},
  year      = {1967},
  volume    = {5},
  number    = {3},
  pages     = {397--406},
  month     = may,
  doi       = {10.1016/0022-460x(67)90189-7},
  publisher = {Elsevier {BV}},
}

@Article{Bathe1973,
  author    = {Klaus-Jürgen Bathe and Edward L. Wilson},
  title     = {Solution methods for eigenvalue problems in structural mechanics},
  journal   = {International Journal for Numerical Methods in Engineering},
  year      = {1973},
  volume    = {6},
  number    = {2},
  pages     = {213--226},
  doi       = {10.1002/nme.1620060207},
  publisher = {Wiley},
}

@Book{Gilat2008,
  title     = {Métodos Numéricos para Engenheiros e Cientistas},
  publisher = {Bookman},
  year      = {2008},
  address   = {Porto Alegre},
  author    = {Amos Gilat and Vish Subramaniam},
  editor    = {Artmed},
  isbn      = {978-85-7780-297-5},
}

@Book{Press1992,
  title     = {Numerical Recipes in C},
  publisher = {Cambridge University Press},
  year      = {1992},
  address   = {New York, NY, USA},
  author    = {Press, William H. and Teukolsky, Saul A. and Vetterling, William T. and Flannery, Brian P.},
  edition   = {2},
  isbn      = {0-521-43108-5},
  subtitle  = {The Art of Scientific Computing},
}

@Article{Newmark1959,
  author    = {Newmark, N. M.},
  title     = {A Method of Computation for Structural Dynamics},
  journal   = {Journal of the Engineering Mechanics},
  year      = {1959},
  volume    = {85},
  number    = {3},
  pages     = {67--94},
  publisher = {ASCE},
}

@Article{Kuhl1999,
  author    = {D. Kuhl and M. A. Crisfield},
  title     = {Energy-conserving and decaying Algorithms in non-linear structural dynamics},
  journal   = {International Journal for Numerical Methods in Engineering},
  year      = {1999},
  volume    = {45},
  number    = {5},
  pages     = {569--599},
  month     = {jun},
  doi       = {10.1002/(sici)1097-0207(19990620)45:5<569::aid-nme595>3.0.co;2-a},
  publisher = {Wiley},
}

@Article{Dokainish1989,
  author    = {M. A. Dokainish and K. Subbaraj},
  title     = {A survey of direct time-integration methods in computational structural dynamics{\textemdash}I. Explicit methods},
  journal   = {Computers {\&} Structures},
  year      = {1989},
  volume    = {32},
  number    = {6},
  pages     = {1371--1386},
  month     = {jan},
  doi       = {10.1016/0045-7949(89)90314-3},
  publisher = {Elsevier {BV}},
}

@Article{Hilber1977,
  author    = {Hans M. Hilber and Thomas J. R. Hughes and Robert L. Taylor},
  title     = {Improved numerical dissipation for time integration algorithms in structural dynamics},
  journal   = {Earthquake Engineering {\&} Structural Dynamics},
  year      = {1977},
  volume    = {5},
  number    = {3},
  pages     = {283--292},
  month     = {jul},
  doi       = {10.1002/eqe.4290050306},
  publisher = {Wiley},
}

@Book{Filho2013,
  title     = {Elementos Finitos -- A Base da Tecnologia Cae},
  publisher = {Érica},
  year      = {2013},
  address   = {São Paulo},
  author    = {Avelino Alves Filho},
  editor    = {Érica},
  volume    = {Único},
  edition   = {6},
  month     = oct,
  isbn      = {9788571947412},
  pages     = {320},
}

@Booklet{Felippa2013,
  title    = {Matrix Finite Element Methods in Dynamics},
  author   = {Carlos Felippa},
  year     = {2013},
  note     = {Department of Aerospace Engineering Sciences -- University of Colorado at Boulder},
  subtitle = {Courses of Dynamic Systems},
  url      = {https://www.colorado.edu/engineering/CAS/courses.d/MFEMD.d/},
}

@Book{Christensen1982,
  title     = {Theory of Viscoelasticity},
  publisher = {Elsevier},
  year      = {1982},
  address   = {New York},
  author    = {Richard Monson Christensen},
  editor    = {Academic Press},
  isbn      = {978-0-12-174252-2},
  subtitle  = {An introduction},
  pages     = {378},
  doi       = {10.1016/b978-0-12-174252-2.x5001-7},
}

@Article{Bert1973,
  author    = {C.W. Bert},
  title     = {Material damping},
  journal   = {Journal of Sound and Vibration},
  year      = {1973},
  volume    = {29},
  number    = {2},
  pages     = {129--153},
  month     = {jul},
  doi       = {10.1016/s0022-460x(73)80131-2},
  publisher = {Elsevier {BV}},
}

@Article{Berger2002,
  author    = {EJ Berger},
  title     = {Friction modeling for dynamic system simulation},
  journal   = {Applied Mechanics Reviews},
  year      = {2002},
  volume    = {55},
  number    = {6},
  pages     = {535},
  doi       = {10.1115/1.1501080},
  publisher = {{ASME} International},
}

@Article{Woodhouse1998,
  author    = {J. Woodhouse},
  title     = {Linear Damping Models for Structural Vibration},
  journal   = {Journal of Sound and Vibration},
  year      = {1998},
  volume    = {215},
  number    = {3},
  pages     = {547--569},
  month     = {aug},
  doi       = {10.1006/jsvi.1998.1709},
  publisher = {Elsevier {BV}},
}

@Article{Orban2011,
  author   = {F. Orban},
  title    = {Damping of materials and members in structures},
  journal  = {Journal of Physics: Conference Series},
  year     = {2011},
  volume   = {268},
  number   = {1},
  pages    = {012022},
  abstract = {The state of a structure subject to oscillatory deformation can be described by the combination of kinetic and potential energy. In the case of real structures there is also an energy dissipative element as some of the energy is lost per deformation cycle. The energy dissipation is caused by material damping which basically depends on three factors: amplitude of stress, number of cycles and geometry. In the case of non-homogeneous stress distribution the geometry of the structure influences the vibration damping. In this paper the influence of the geometry will be investigated with special regard to the cross-section. The examinations can be executed experimentally, theoretically and by the help of computer programs using FEM. In most cases the main goal is to increase the damping of the structure.},
}

@Article{Jeary1997,
  author    = {A. P. Jeary},
  title     = {Damping in structures},
  journal   = {Journal of Wind Engineering and Industrial Aerodynamics},
  year      = {1997},
  volume    = {72},
  pages     = {345--355},
  month     = {nov},
  doi       = {10.1016/s0167-6105(97)00263-8},
  publisher = {Elsevier {BV}},
}

@Article{Adhikari2006,
  author    = {S. Adhikari},
  title     = {Damping modelling using generalized proportional damping},
  journal   = {Journal of Sound and Vibration},
  year      = {2006},
  volume    = {293},
  number    = {1-2},
  pages     = {156--170},
  month     = {may},
  doi       = {10.1016/j.jsv.2005.09.034},
  publisher = {Elsevier {BV}},
}

@Article{Huang2007,
  author    = {Fang-Lin Huang and Xue-Min Wang and Zheng-Qing Chen and Xu-Hui He and Yi-Qing Ni},
  title     = {A new approach to identification of structural damping ratios},
  journal   = {Journal of Sound and Vibration},
  year      = {2007},
  volume    = {303},
  number    = {1-2},
  pages     = {144--153},
  month     = {jun},
  doi       = {10.1016/j.jsv.2006.12.026},
  publisher = {Elsevier {BV}},
}

@Inproceedings{Martinelli2016,
  author            = {Martinelli, L. B. and Alves, E. C. and Novelli, L. and Azolin, L. G.},
  title             = {Um sistema para análise dinâmica e não linear de treliças},
  year              = {2016},
  organization      = {Iberian Latin-American Congress on Computational Methods in Engineering},
  conference-number = {XXXVII},
  address           = {Brasília},
  month             = nov,
  publisher         = {{ABMEC} Brazilian Association of Computational Methods in Engineering},
  booktitle         = {Anais do {XXXVII} Iberian Latin American Congress on Computational Methods in Engineering},
}

@Article{Krishnamoorthy1996,
  author    = {C. S. Krishnamoorthy and G. Ramesh and K. U. Dinesh},
  title     = {Post-buckling analysis of structures by three-parameter constrained solution techniques},
  journal   = {Finite Elements in Analysis and Design},
  year      = {1996},
  volume    = {22},
  number    = {2},
  pages     = {109--142},
  month     = {jun},
  doi       = {10.1016/0168-874x(96)00046-7},
  publisher = {Elsevier {BV}},
}

@Article{Blandford1996,
  author    = {G. E. Blandford},
  title     = {Progressive failure analysis of inelastic space truss structures},
  journal   = {Computers {\&} Structures},
  year      = {1996},
  volume    = {58},
  number    = {5},
  pages     = {981--990},
  month     = {mar},
  doi       = {10.1016/0045-7949(95)00217-5},
  publisher = {Elsevier {BV}},
}

@Book{Bonet2012,
  title     = {Worked Examples in Nonlinear Continuum Mechanics for Finite Element Analysis},
  publisher = {Cambridge University Press},
  year      = {2012},
  author    = {Javier Bonet and Antonio J. Gil and Richard D. Wood},
  month     = sep,
  isbn      = {9781107603615},
  pages     = {136},
  doi       = {10.1017/cbo9781139088046},
}

@Article{Greco2006,
  author    = {M. Greco and F. A. R. Gesualdo and W. S. Venturini and H. B. Coda},
  title     = {Nonlinear positional formulation for space truss analysis},
  journal   = {Finite Elements in Analysis and Design},
  year      = {2006},
  volume    = {42},
  number    = {12},
  pages     = {1079--1086},
  month     = {aug},
  doi       = {10.1016/j.finel.2006.04.007},
  publisher = {Elsevier {BV}},
}

@Inproceedings{Martinelli2017,
  author            = {Larissa Bastos Martinelli and Elcio Cassimiro Alves},
  title             = {Programa computacional para an{\'{a}}lise n{\~{a}}o-linear de treli{\c{c}}as espaciais},
  year              = {2017},
  organization      = {Iberian Latin-American Congress on Computational Methods in Engineering},
  conference-number = {XXXVIII},
  address           = {Florianopólis},
  publisher         = {{ABMEC} Brazilian Association of Computational Methods in Engineering},
  booktitle         = {Anais do {XXXVIII} Iberian Latin American Congress on Computational Methods in Engineering},
  doi               = {10.20906/cps/cilamce2017-0068},
}

@Comment{jabref-meta: databaseType:bibtex;}
